@article{koenig,
    title={{\"U}ber eine Schlussweise aus dem Endlichen ins Unendliche},
    author={K{\"o}nig, D{\'e}nes},
    journal={Acta Sci. Math.(Szeged)},
    volume={3},
    number={2-3},
    pages={121--130},
    year={1927}
}
